<record><leader>00000cas a22000007a 4500</leader><controlfield tag="001">16798943</controlfield><controlfield tag="008">871002d18661871ohudn ne      0    0eng d</controlfield><datafield ind1=" " ind2=" " tag="010"><subfield code="a">sn 87076716 </subfield></datafield><datafield ind1=" " ind2=" " tag="040"><subfield code="a">ONP</subfield><subfield code="b">eng</subfield><subfield code="c">ONP</subfield><subfield code="d">OCLCQ</subfield></datafield><datafield ind1=" " ind2=" " tag="042"><subfield code="a">msc</subfield></datafield><datafield ind1="0" ind2=" " tag="130"><subfield code="a">Toledo daily commercial (Toledo, Ohio : 1866)</subfield></datafield><datafield ind1="1" ind2="0" tag="245"><subfield code="a">Toledo daily commercial.</subfield></datafield><datafield ind1=" " ind2=" " tag="260"><subfield code="a">Toledo, Ohio :</subfield><subfield code="b">[s.n.],</subfield><subfield code="c">1866-1871.</subfield></datafield><datafield ind1=" " ind2=" " tag="310"><subfield code="a">Daily (except Sun.)</subfield></datafield><datafield ind1="0" ind2=" " tag="362"><subfield code="a">Vol. 17, no. 47 (Apr. 19, 1866)-v. 22, no. 48 (Oct. 6, 1871).</subfield></datafield><datafield ind1=" " ind2=" " tag="752"><subfield code="a">United States</subfield><subfield code="b">Ohio</subfield><subfield code="c">Lucas</subfield><subfield code="d">Toledo.</subfield></datafield><datafield ind1="0" ind2=" " tag="775"><subfield code="t">Toledo weekly commercial</subfield><subfield code="w">(DLC)sn 85026285</subfield></datafield><datafield ind1="0" ind2=" " tag="775"><subfield code="t">Toledo tri-weekly commercial</subfield><subfield code="w">(DLC)sn 85038259</subfield></datafield><datafield ind1="0" ind2="0" tag="780"><subfield code="t">Toledo commercial (Toledo, Ohio : 1862)</subfield><subfield code="w">(DLC)sn 87076715</subfield></datafield><datafield ind1="0" ind2="0" tag="785"><subfield code="t">Toledo morning commercial</subfield><subfield code="w">(DLC)sn 84024198</subfield></datafield></record>